%%% 
%%% EXAMPLE OF BIBLIOGRAPHIC DATABASE 
%%% FOR THE GENERATION OF THE LIST OF REFERENCES USING BibTeX 
%%% 
%%%  AUTHORS:  Arnost Komarek (komarek@karlin.mff.cuni.cz), 2011
%%%            Michal Kulich (kulich@karlin.mff.cuni.cz), 2013
%%% 
%%% Recommended software for the maintenance of bibliographic databases:
%%%     JabRef, http://jabref.sourceforge.net/
%%% 
%%% WARNING!
%%%    1. Letters in the titles to be always printed in uppercase 
%%%       must be enclosed in braces  ({T}hailand, {HIV})
%%%    2. After each change in the citations or in the bib file the entire document 
%%%       must be recompiled by the sequence latex+bibtex+latex+latex
%%%%  ===========================================================================

@BOOK{Andel07,
  title = {Z\'aklady matematick\'e statistiky},
  publisher = {Matfyzpress},
  year = {2007},
  author = {And\v{e}l, J.},
  address = {Praha},
  series = {Druh\'e opraven\'e vyd\'an\'{\i}},
  isbn = {80-7378-001-1}
}

@BOOK{Andel98,
  title = {Statistick\'e metody},
  publisher = {Matfyzpress},
  year = {1998},
  author = {And\v{e}l, J.},
  address = {Praha},
  series = {Druh\'e p\v{r}epracovan\'e vyd\'an\'{\i}},
  isbn = {80-85863-27-8}
}

@ARTICLE{Cox72,
  author = {Cox, D. R.},
  title = {Regression models and life-tables (with {D}iscussion)},
  journal = {Journal of the Royal Statistical Society, Series B},
  year = {1972},
  volume = {34},
  pages = {187-220},
  number = {2}
}

@ARTICLE{DempsterLairdRubin77,
  author = {Dempster, A. P. and Laird, N. M. and Rubin, D. B.},
  title = {Maximum likelihood from incomplete data via the {EM} algorithm},
  journal = {Journal of the Royal Statistical Society, Series B},
  year = {1977},
  volume = {39},
  pages = {1-38},
  number = {1}
}

@ARTICLE{Genberget08,
  author = {Genberg, B. L. and Kulich, M. and Kawichai, S. and Modiba, P. and
	Chingono, A. and Kilonzo, G. P. and Richter, L. and Pettifor, A.
	and Sweat, M. and Celentano, D. D.},
  title = {{HIV} risk behaviors in Sub-{S}aharan {A}frica and {N}orthern {T}hailand:
	{B}aseline behavioral data from project {A}ccept},
  journal = {Journal of Acquired Immune Deficiency Syndrome},
  year = {2008},
  volume = {49},
  pages = {309-319}
}

@ARTICLE{KaplanMeier58,
  author = {Kaplan, E. L. and Meier, P.},
  title = {Nonparametric estimation from incomplete observations},
  journal = {Journal of the American Statistical Association},
  year = {1958},
  volume = {53},
  pages = {457-481},
  number = {282}
}

@BOOK{LehmannCasella98,
  title = {Theory of Point Estimation},
  publisher = {Springer-Verlag},
  year = {1998},
  author = {Lehmann, E. L. and Casella, G.},
  address = {New York},
  series = {{S}econd {E}dition},
  isbn = {0-387-98502-6}
}

@ARTICLE{Student08,
  author = {Student},
  title = {On the probable error of the mean},
  journal = {Biometrika},
  year = {1908},
  volume = {6},
  pages = {1-25}
}


