@book{Knuth:TeXbook,
  title =	 "The TeXbook",
  author =	 "Donald E. Knuth",
  year =	 1986,
  month =	 may,
  publisher =	 "Addison-Wesley",
  language =     "english",
}

@InProceedings{ProTeXt,
  author = 	 {Thomas Feuerstack and Klaus Höppner},
  title = 	 {Pro{\TeX}t, a new {\TeX}-Collection for Beginners},
  crossref =  {eurotex2005},
  language =     {english},
}

@Proceedings{eurotex2005,
  editor = {Volker RW Schaa},
  title = {EuroTeX 2005 Proceedings},
  booktitle = {EuroTeX 2005 Proceedings},
  year = 	 2006,
  language =     {english},
  url = {http://www.dante.de/dante/events/eurotex/papers/proceedings.pdf},
  urldate = {27.08.2006},
}

