@Manual{schlosser:latex,
  title =	 {LaTeX -- ein komplettes System unter Windows},
  author =	 {Joachim Schlosser},
  language =	 {german},
  year =	 2009,
  url =		 {http://schlosser.info},
  urldate =	 {20.7.2009}
}

@Book{      knuth:texbook,
  author =	 {Donald E. Knuth},
  title =	 {The {{\TeX} book}},
  publisher =	 {Addison-Wesley Publishing Company},
  address =	 {Reading, Mass.},
  year =	 1990,
  edition =	 19,
  volume =	 {A},
  series =	 {Computers and Typesetting},
  language =     {english}
}

@Book{schlosser06:latexbuch,
  author =	 {Joachim Schlosser},
  title =	 {Wissenschaftliche Arbeiten schreiben mit \LaTeX},
  publisher =	 {mitp Verlag},
  year =	 2006,
  address =	 {Bonn},
  month =	 nov,
  language =     {german}
}

@InProceedings{ProTeXt,
  author =	 {Thomas Feuerstack and Klaus Höppner},
  title =	 {Pro{\TeX}t, a new {\TeX}-Collection for Beginners},
  crossref =	 {eurotex2005},
  language =	 {english},
}

@Proceedings{eurotex2005,
  editor =	 {Volker RW Schaa},
  title =	 {EuroTeX 2005 Proceedings},
  booktitle =	 {EuroTeX 2005 Proceedings},
  year =	 2006,
  language =	 {english},
  url =          {http://www.dante.de/dante/events/eurotex/papers/proceedings.pdf},
  urldate =	 {27.08.2006},
}
